@misc{krstev2022,
	author={Krstev, Cvetana and Laporte, Éric and Maurel, Denis},
	title = {Tutoriels Unitex en anglais},
	howpublished = {Matériels, \url{https://unitexgramlab.org/fr/blog/announcements/tutorials-in-english}},
	year = {2022},
	note = {Consulté le \today}
}

@article{kyriacopoulou2018unitex,
	title={UNITEX/GRAMLAB: plateforme libre bas{\'e}e sur des lexiques et des grammaires pour le traitement des corpus textuels},
	author={Kyriacopoulou, Tita and Martineau, Claude and Martinez, Cristian},
	journal={Revue des Nouvelles Technologies de l'Information},
	pages={467--470},
	year={2018},
	note={\url{https://hal.science/hal-01702235/}}
}


@article{paumier2021unitex,
	title={Unitex 3.3 -- Manuel d'utilisation},
	author={Paumier, S{\'e}bastien},
	year={2021},
	note={\url{https://unitexgramlab.org/releases/3.3/man/Unitex-GramLab-3.3-usermanual-fr.pdf}}


@misc{tanguy,
author={Tanguy, Ludovic},
title = {SL03OP1Y :
Informatique pour
l'analyse des textes},
howpublished = {Diapositives, \url{http://w3.erss.univ-tlse2.fr/membre/tanguy/Cours/SL03OP1/C4.pdf}},
year = {\textit{s.d.}},
note = {Consulté le \today}
}

@misc{nouvel,
	author={Nouvel, Damien},
	title = {Automates à états finis},
	howpublished = {Diapositives, \url{https://damien.nouvels.net/cours/langages/03\_AutomatesEtatsFinis.pdf}},
	year = {\textit{s.d.}},
	note = {Consulté le \today}
}

@article{pincemin2022semantique,
	title={S{\'e}mantique textom{\'e}trique},
	author={Pincemin, B{\'e}n{\'e}dicte},
	journal={La s{\'e}mantique au pluriel. Th{\'e}ories et m{\'e}thodes},
	pages={373--396},
	year={2022},
	publisher={Presses universitaires de Rennes},
	note={\url{https://shs.hal.science/halshs-03763801/}}
}


@misc{heiden,
	author={Heiden, Serge},
	title = {Atelier préparation de corpus et import dans \texttt{TXM}},
	howpublished = {Tutoriel, \url{https://txm.gitpages.huma-num.fr/textometrie/files/course\%20materials/Diapositives\%20-\%20Atelier\%20preparation\%20de\%20corpus\%20et\%20import\%20dans\%20TXM.pdf}},
	year = {\textit{s.d.}},
	note = {Consulté le \today}
}

@misc{pincemin2012,
	author={Pincemin, Bénédicte},
	title = {Atelier d'initiation à \texttt{TXM} de Bénédicte Pincemin du 27 septembre 2012},
	howpublished = {Tutoriel, \url{https://txm.gitpages.huma-num.fr/textometrie/html/enregistrement\_atelier\_initiation\_TXM\_fr.html}},
	year = {2012},
	note = {Consulté le \today}
}

@article{pincemin2022semantique,
	title={S{\'e}mantique textom{\'e}trique},
	author={Pincemin, B{\'e}n{\'e}dicte},
	journal={La s{\'e}mantique au pluriel. Th{\'e}ories et m{\'e}thodes},
	pages={373--396},
	year={2022},
	publisher={Presses universitaires de Rennes},
	note={\url{https://shs.hal.science/halshs-03763801/document}}
}

@book{benzecri1973analyse,
	title={L'Analyse des données, Tome 1 : La taxinomie, Tome 2 : L'analyse des correspondances},
	author={Benz{\'e}cri, Jean-Paul \textit{et al.}},
	publisher={Paris, Dunod.},
	year={1973}
}

@book{benzecri1979,
	title={L’analyse Des Données : La Taxinomie (3\ieme{}, Vol. I)},
	author={Benz{\'e}cri, Jean-Paul},
	publisher={Paris, Dunod.},
	year={1979}
}


@article{lafon1980variabilite,
	title={Sur la variabilit{\'e} de la fr{\'e}quence des formes dans un corpus},
	author={Lafon, Pierre},
	journal={Mots. Les langages du politique},
	volume={1},
	number={1},
	pages={127--165},
	year={1980},
	publisher={ENS Editions},
	note={\url{https://www.persee.fr/doc/mots\_0243-6450\_1980\_num\_1\_1\_1008}}
}


@misc{fort,
	author={Fort, Karën},
	title = {\texttt{TXM} :
	présentation et commandes de base},
	howpublished = {Cours \og{}Corpus, ressources et linguistique outillée\fg{}, \url{https://members.loria.fr/KFort/files/fichiers\_cours/TXM\_1.pdf}},
	year = {\textit{s.d.}},
	note = {Consulté le \today}
}

@misc{lejeune2023,
	author={Lejeune, Gaël},
	title = {\texttt{TXM} : la Textométrie à portée de clic},
	howpublished = {Atelier TXM (Textométrie), \url{https://ceres.sorbonne-universite.fr/83ff891969d7e024646d832126d47f82/CERES-TXM.pdf}},
	year = {2023},
	note = {Consulté le \today}
}

@misc{pincemin2008,
	author={Pincemin, Bénédicte, and Heiden, Serge},
	title = {Qu’est-ce que la textométrie ? Présentation},
	howpublished = {Site du projet Textométrie, \url{https://txm.gitpages.huma-num.fr/textometrie/Introduction/}},
	year = {2008},
	note = {Consulté le \today}
}

@article{loock2017web,
	title={Web, corpus, traduction : l’exploitation par les traducteurs des donn{\'e}es du web},
	author={Loock, Rudy},
	journal={Traduire. Revue fran{\c{c}}aise de la traduction},
	number={237},
	pages={23--32},
	year={2017},
	publisher={Syndicat national des traducteurs professionnels},
	doi={https://doi.org/10.4000/traduire.939}
}


@misc{hodac,
	author={Ho-Dac, Lydia-Mai and Fabre, C{\'e}cile},
	title = {\textsc{SL0F601T} -- Linguistique outillée et Traitement Automatique des Langues},
	howpublished = {\url{https://www.univ-tlse2.fr/accueil/formation-insertion/sl0f601t-linguistique-outillee-et-traitement-automatique-des-langues-1}},
	year = {\textit{s.d.}},
	note = {Consulté le 30 janvier 2025}
}

@misc{poibeau,
	author={Poibeau, Thierry},
	title = {Traitement Automatique des Langues},
	howpublished = {\url{https://www-universalis-edu-com.bnf.idm.oclc.org/encyclopedie/traitement-automatique-des-langues/}},
	year = {2021},
	note = {Consulté le 30 janvier 2025}
}

@misc{boisson,
	author={Boisson, Joanne},
	title = {Comment les ordinateurs
	interagissent-ils avec nous dans les
	langues humaines ?},
	howpublished = {Les lundis de lʼIA de Paul Valéry, \url{https://edunumrech.hypotheses.org/files/2023/01/JBoisson\_lundi\_IA\_TAL\_ac\_Paris\_dec22.pdf}},
	year = {2022},
	note = {Consulté le 30 janvier 2025}
}

@inproceedings{yvon2010petite,
	title={Une petite introduction au traitement automatique des langues naturelles},
	author={Yvon, Fran{\c{c}}ois},
	booktitle={Conference on Knowledge discovery and data mining},
	pages={27--36},
	year={2010},
	note={\url{https://perso.limsi.fr/anne/coursM2R/intro.pdf}}
}

@misc{chiusano2022,
	author={Chiusano, Fabio},
	title = {A Brief Timeline of NLP},
	howpublished = {Medium, \url{https://medium.com/nlplanet/a-brief-timeline-of-nlp-bc45b640f07d}},
	year = {2022},
	note = {Consulté le 30 janvier 2025}
}

@misc{rherrad,
	author={Rherrad, Mustapha},
	title = {Loi de Zipf et Text Mining},
	howpublished = {Iana-Data, \url{https://www.iana-data.org/fondamentaux/846-loi-de-zipf-et-text-mining.html}},
	year = {\textit{s.d.}},
	note = {Consulté le 30 janvier 2025}
}

@misc{saravia,
	author={Saravia, Elvis},
	title = {Fundamentals of NLP (Chapter 1): Tokenization, Lemmatization, Stemming, and Sentence Segmentation},
	howpublished = {GitHub \url{https://github.com/dair-ai/nlp\_fundamentals/blob/master/1\_nlp\_basics\_tokenization\_segmentation.ipynb}},
	year = {\textit{s.d.}},
	note = {Consulté le 30 janvier 2025}
}

@misc{wang2021,
	author={Wang, Xiaoou},
	title = {Comparer trois étiqueteurs morphosyntaxiques (Spacy, StanfordNLP, TreeTagger) sur un corpus formel et un corpus oral},
	howpublished = {Medium \url{https://xiaoouwang.medium.com/comparer-trois-\%C3\%A9tiqueteurs-morphosyntaxiques-spacy-stanfordnlp-treetagger-sur-un-corpus-formel-4ca758dde502}},
	year = {2021},
	note = {Consulté le 30 janvier 2025}
}

@misc{manikanth2024,
	author={Manikanth},
	title = {Understanding Contextualized Word Embeddings: The Evolution of Language Understanding in AI},
	howpublished = {Medium \url{https://manikanthgoud123.medium.com/understanding-contextualized-word-embeddings-the-evolution-of-language-understanding-in-ai-8bf79a98eb51}},
	year = {2024},
	note = {Consulté le 30 janvier 2025}
}

@book{chomsky1957,
	title={Syntactic structures},
	author={Chomsky, Noam},
	year={2002},
	publisher={Mouton de Gruyter},
	note={\url{https://tallinzen.net/media/readings/chomsky\_syntactic\_structures.pdf}}
}
