@misc{fort,
	author={Fort, Karën},
	title = {\texttt{TXM} :
	présentation et commandes de base},
	howpublished = {Cours \og{}Corpus, ressources et linguistique outillée\fg{}, \url{https://members.loria.fr/KFort/files/fichiers\_cours/TXM\_1.pdf}},
	year = {\textit{s.d.}},
	note = {Consulté le \today}
}

@misc{lejeune2023,
	author={Lejeune, Gaël},
	title = {\texttt{TXM} : la Textométrie à portée de clic},
	howpublished = {Atelier TXM (Textométrie), \url{https://ceres.sorbonne-universite.fr/83ff891969d7e024646d832126d47f82/CERES-TXM.pdf}},
	year = {2023},
	note = {Consulté le \today}
}

@misc{pincemin2008,
	author={Pincemin, Bénédicte, and Heiden, Serge},
	title = {Qu’est-ce que la textométrie ? Présentation},
	howpublished = {Site du projet Textométrie, \url{https://txm.gitpages.huma-num.fr/textometrie/Introduction/}},
	year = {2008},
	note = {Consulté le \today}
}

@article{loock2017web,
	title={Web, corpus, traduction : l’exploitation par les traducteurs des donn{\'e}es du web},
	author={Loock, Rudy},
	journal={Traduire. Revue fran{\c{c}}aise de la traduction},
	number={237},
	pages={23--32},
	year={2017},
	publisher={Syndicat national des traducteurs professionnels},
	doi={https://doi.org/10.4000/traduire.939}
}


@misc{hodac,
	author={Ho-Dac, Lydia-Mai and Fabre, C{\'e}cile},
	title = {\textsc{SL0F601T} -- Linguistique outillée et Traitement Automatique des Langues},
	howpublished = {\url{https://www.univ-tlse2.fr/accueil/formation-insertion/sl0f601t-linguistique-outillee-et-traitement-automatique-des-langues-1}},
	year = {\textit{s.d.}},
	note = {Consulté le 30 janvier 2025}
}

@misc{poibeau,
	author={Poibeau, Thierry},
	title = {Traitement Automatique des Langues},
	howpublished = {\url{https://www-universalis-edu-com.bnf.idm.oclc.org/encyclopedie/traitement-automatique-des-langues/}},
	year = {2021},
	note = {Consulté le 30 janvier 2025}
}

@misc{boisson,
	author={Boisson, Joanne},
	title = {Comment les ordinateurs
	interagissent-ils avec nous dans les
	langues humaines ?},
	howpublished = {Les lundis de lʼIA de Paul Valéry, \url{https://edunumrech.hypotheses.org/files/2023/01/JBoisson\_lundi\_IA\_TAL\_ac\_Paris\_dec22.pdf}},
	year = {2022},
	note = {Consulté le 30 janvier 2025}
}

@inproceedings{yvon2010petite,
	title={Une petite introduction au traitement automatique des langues naturelles},
	author={Yvon, Fran{\c{c}}ois},
	booktitle={Conference on Knowledge discovery and data mining},
	pages={27--36},
	year={2010},
	note={\url{https://perso.limsi.fr/anne/coursM2R/intro.pdf}}
}

@misc{chiusano2022,
	author={Chiusano, Fabio},
	title = {A Brief Timeline of NLP},
	howpublished = {Medium, \url{https://medium.com/nlplanet/a-brief-timeline-of-nlp-bc45b640f07d}},
	year = {2022},
	note = {Consulté le 30 janvier 2025}
}

@misc{rherrad,
	author={Rherrad, Mustapha},
	title = {Loi de Zipf et Text Mining},
	howpublished = {Iana-Data, \url{https://www.iana-data.org/fondamentaux/846-loi-de-zipf-et-text-mining.html}},
	year = {\textit{s.d.}},
	note = {Consulté le 30 janvier 2025}
}

@misc{saravia,
	author={Saravia, Elvis},
	title = {Fundamentals of NLP (Chapter 1): Tokenization, Lemmatization, Stemming, and Sentence Segmentation},
	howpublished = {GitHub \url{https://github.com/dair-ai/nlp\_fundamentals/blob/master/1\_nlp\_basics\_tokenization\_segmentation.ipynb}},
	year = {\textit{s.d.}},
	note = {Consulté le 30 janvier 2025}
}

@misc{wang2021,
	author={Wang, Xiaoou},
	title = {Comparer trois étiqueteurs morphosyntaxiques (Spacy, StanfordNLP, TreeTagger) sur un corpus formel et un corpus oral},
	howpublished = {Medium \url{https://xiaoouwang.medium.com/comparer-trois-\%C3\%A9tiqueteurs-morphosyntaxiques-spacy-stanfordnlp-treetagger-sur-un-corpus-formel-4ca758dde502}},
	year = {2021},
	note = {Consulté le 30 janvier 2025}
}

@misc{manikanth2024,
	author={Manikanth},
	title = {Understanding Contextualized Word Embeddings: The Evolution of Language Understanding in AI},
	howpublished = {Medium \url{https://manikanthgoud123.medium.com/understanding-contextualized-word-embeddings-the-evolution-of-language-understanding-in-ai-8bf79a98eb51}},
	year = {2024},
	note = {Consulté le 30 janvier 2025}
}

@book{chomsky1957,
	title={Syntactic structures},
	author={Chomsky, Noam},
	year={2002},
	publisher={Mouton de Gruyter},
	note={\url{https://tallinzen.net/media/readings/chomsky\_syntactic\_structures.pdf}}
}
